%% LaTeX2e file `final-project-proposal.bib'
%% generated by the `filecontents' environment
%% from source `final-project-proposal' on 2020/06/09.
%%
  @article{zhang2018,
  author={Jing Zhang and Tong Zhang and Yuchao Dai and Mehrtash Harandi and Richard I. Hartley},
  title={Deep Unsupervised Saliency Detection: {A} Multiple Noisy Labeling Perspective},
  journal={CoRR},
  volume={abs/1803.10910},
  year={2018},
  url={http://arxiv.org/abs/1803.10910},
  archivePrefix={arXiv},
  eprint={1803.10910}
  }
  @article{symonyan2014,
  author={Karen Simonyan and Andrea Vedaldi and Andrew Zisserman},
  title={Deep Inside Convolutional Networks: Visualising Image Classification Models and Saliency Maps},
  journal={CoRR},
  volume={abs/1312.6034},
  year={2014},
  url={https://arxiv.org/pdf/1312.6034.pdf},
  archivePrefix={arXiv},
  eprint={1312.6034}
  }
  @article{zhang2014,
  author={Ali Borji and Ming{-}Ming Cheng and Huaizu Jiang and Jia Li},
  title={Salient Object Detection: {A} Survey},
  journal={CoRR},
  volume={abs/1411.5878},
  year={2014},
  url={http://arxiv.org/abs/1411.5878},
  archivePrefix={arXiv},
  eprint={1411.5878},
  }
  @inproceedings{zhang2017,
  author={D. {Zhang} and J. {Han} and Y. {Zhang}},
  booktitle={2017 IEEE International Conference on Computer Vision (ICCV)},
  title={Supervision by Fusion: Towards Unsupervised Learning of Deep Salient Object Detector},
  year={2017},
  volume={},
  number={},
  pages={4068-4076}
  }
  @article{wang2017,
    author="Wang, Jingdong and Jiang, Huaizu and Yuan, Zejian and Cheng, Ming-Ming and Hu, Xiaowei and Zheng, Nanning",
    title="Salient Object Detection: A Discriminative Regional Feature Integration Approach",
    journal="International Journal of Computer Vision",
    year="2017",
    volume="123",
    number="2",
    pages="251--268",
    issn="1573-1405",
    doi="10.1007/s11263-016-0977-3"
  }
